<record><leader>00000cas a22000007a 4500</leader><controlfield tag="001">13039657</controlfield><controlfield tag="008">860120d18uu1862njuwr ne      0    0eng d</controlfield><datafield ind1=" " ind2=" " tag="010"><subfield code="a">sn 85036007 </subfield></datafield><datafield ind1=" " ind2=" " tag="040"><subfield code="a">NPA</subfield><subfield code="b">eng</subfield><subfield code="c">NPA</subfield><subfield code="d">OCLCQ</subfield></datafield><datafield ind1=" " ind2=" " tag="042"><subfield code="a">msc</subfield></datafield><datafield ind1="0" ind2="0" tag="245"><subfield code="a">Register and American.</subfield></datafield><datafield ind1="1" ind2="3" tag="246"><subfield code="a">Register &amp; American</subfield></datafield><datafield ind1=" " ind2=" " tag="260"><subfield code="a">Rahway, N.J. :</subfield><subfield code="b">John Jackson</subfield></datafield><datafield ind1=" " ind2=" " tag="300"><subfield code="a">v. ;</subfield><subfield code="c">61 cm.</subfield></datafield><datafield ind1=" " ind2=" " tag="310"><subfield code="a">Weekly</subfield></datafield><datafield ind1="1" ind2=" " tag="362"><subfield code="a">Ceased in 1862?</subfield><subfield code="z">Cf. Wright, W.C. and Stellhorn, P.A. Direct. of N.J. newspapers.</subfield></datafield><datafield ind1=" " ind2=" " tag="580"><subfield code="a">Continues: Rahway register. Cf. Wright, W.C. and Stellhorn, P.A. Direct. of N.J. newspapers.</subfield></datafield><datafield ind1=" " ind2=" " tag="580"><subfield code="a">Merged with: Rahway times, to form: Register &amp; times. Cf. Wright, W.C. and Stellhorn, P.A. Direct. of N.J. newspapers.</subfield></datafield><datafield ind1=" " ind2=" " tag="588"><subfield code="a">Description based on: Vol. 10, no. 44 (June 24, 1858).</subfield></datafield><datafield ind1=" " ind2=" " tag="752"><subfield code="a">United States</subfield><subfield code="b">New Jersey</subfield><subfield code="c">Union</subfield><subfield code="d">Rahway.</subfield></datafield><datafield ind1="1" ind2="0" tag="780"><subfield code="t">Rahway register</subfield></datafield><datafield ind1="1" ind2="7" tag="785"><subfield code="t">Rahway times</subfield></datafield><datafield ind1="1" ind2="7" tag="785"><subfield code="t">Register &amp; times</subfield><subfield code="w">(DLC)sn 85036009</subfield></datafield><datafield ind1="1" ind2=" " tag="029"><subfield code="a">AU@</subfield><subfield code="b">000025787938</subfield></datafield></record>